<record><leader>00000cas a22000007a 4500</leader><controlfield tag="001">12734230</controlfield><controlfield tag="008">851029d18241826nyuwr ne      0    0eng d</controlfield><datafield ind1=" " ind2=" " tag="010"><subfield code="a">sn 85026912 </subfield></datafield><datafield ind1=" " ind2=" " tag="040"><subfield code="a">NPX</subfield><subfield code="b">eng</subfield><subfield code="c">NPX</subfield><subfield code="d">DLC</subfield><subfield code="d">NYS</subfield><subfield code="d">OCLCQ</subfield></datafield><datafield ind1=" " ind2=" " tag="042"><subfield code="a">msc</subfield></datafield><datafield ind1="0" ind2="0" tag="050"><subfield code="a">Newspaper 8829-X</subfield></datafield><datafield ind1="0" ind2=" " tag="130"><subfield code="a">People's advocate (Norwich, N.Y.)</subfield></datafield><datafield ind1="1" ind2="0" tag="245"><subfield code="a">People's advocate.</subfield></datafield><datafield ind1=" " ind2=" " tag="260"><subfield code="a">Norwich, N.Y. :</subfield><subfield code="b">H.P.W. Brainard,</subfield><subfield code="c">-1826.</subfield></datafield><datafield ind1=" " ind2=" " tag="300"><subfield code="a">v. :</subfield><subfield code="b">ill. (chiefly advertisements) ;</subfield><subfield code="c">52 cm.</subfield></datafield><datafield ind1=" " ind2=" " tag="310"><subfield code="a">Weekly</subfield></datafield><datafield ind1="0" ind2=" " tag="362"><subfield code="a">; new ser., v. 1, no. 1 (Sept. 7, 1825)-new ser., v. 1, no. 42 (June 23, 1826) = vol. 2, no. 62-v. 2, no. 104.</subfield></datafield><datafield ind1="1" ind2=" " tag="362"><subfield code="a">Began with July 7, 1824 issue.</subfield><subfield code="z">Cf. Gregory, W. Amer. newspapers.</subfield></datafield><datafield ind1=" " ind2=" " tag="500"><subfield code="a">Publishers: H.P.W. Brainard, &lt;Nov. 24, 1824-1825&gt;; William G. Hyer, 1825-1826.</subfield></datafield><datafield ind1=" " ind2=" " tag="500"><subfield code="a">Supported "People's Canal and State Road Ticket" in 1825 election.</subfield></datafield><datafield ind1=" " ind2=" " tag="500"><subfield code="a">"Republican."</subfield></datafield><datafield ind1=" " ind2=" " tag="500"><subfield code="a">Editor: William G. Hyer, 1825-1826.</subfield></datafield><datafield ind1=" " ind2=" " tag="588"><subfield code="a">Description based on: Vol. 1, no. 21 (Nov. 24, 1824).</subfield></datafield><datafield ind1=" " ind2=" " tag="752"><subfield code="a">United States</subfield><subfield code="b">New York</subfield><subfield code="c">Chenango</subfield><subfield code="d">Norwich.</subfield></datafield><datafield ind1="0" ind2="7" tag="785"><subfield code="t">Oxford gazette (Oxford, N.Y.)</subfield><subfield code="w">(DLC)sn 84035789</subfield></datafield><datafield ind1="0" ind2="7" tag="785"><subfield code="t">Chenango Republican, or Oxford gazette and people's advocate</subfield><subfield code="w">(DLC)sn 83031480</subfield></datafield><datafield ind1="1" ind2=" " tag="029"><subfield code="a">AU@</subfield><subfield code="b">000023435253</subfield></datafield></record>